@book{Nee97, 
    title     = "Visual Complex Analysis",
    author    = "Needham, Tristan",
    year      = 1997,
    publisher = "Oxford University Press",
}
